@inproceedings{munaro2014openptrack,
  title         = {OpenPTrack: People tracking for heterogeneous networks of color-depth cameras},
  author        = {Munaro, Matteo and Horn, Alex and Illum, Randy and Burke, Jeff and Rusu, Radu B},
  booktitle     = {IAS-13 Workshop Proceedings: 1st Intl. Workshop on 3D Robot Perception with Point Cloud Library},
  pages         = {235--247},
  year          = {2014},
  organization  = {Citeseer}
}

@inproceedings{ciric2013computationally,
  title={Computationally intelligent system for thermal vision people detection and tracking in robotic applications},
  author={{\'C}iri{\'c}, Ivan and {\'C}ojba{\v{s}}i{\'c}, {\v{Z}}arko and Nikoli{\'c}, Vlastimir and Antic, Dragan},
  booktitle={Telecommunication in Modern Satellite, Cable and Broadcasting Services (TELSIKS), 2013 11th International Conference on},
  volume={2},
  pages={587--590},
  year={2013},
  organization={IEEE}
}

@INPROCEEDINGS{7139259, 
author={A. Leigh and J. Pineau and N. Olmedo and H. Zhang}, 
booktitle={2015 IEEE International Conference on Robotics and Automation (ICRA)}, 
title={Person tracking and following with 2D laser scanners}, 
year={2015}, 
pages={726-733}, 
keywords={intelligent robots;medical robotics;mobile robots;optical scanners;2D laser scanners;Clearpath Husky;ROS package;autonomous person following;intelligent power wheelchair robot;mobility impairments;objective data;person tracking;quantitative data;robot operating system framework;robust detection;robust tracking;Lasers;Legged locomotion;Robot sensing systems;Tracking}, 
doi={10.1109/ICRA.2015.7139259}, 
ISSN={1050-4729}, 
month={May},}

@INPROCEEDINGS{6943139, 
author={A. P. Gritti and O. Tarabini and J. Guzzi and G. A. Di Caro and V. Caglioti and L. M. Gambardella and A. Giusti}, 
booktitle={2014 IEEE/RSJ International Conference on Intelligent Robots and Systems}, 
title={Kinect-based people detection and tracking from small-footprint ground robots}, 
year={2014}, 
pages={4096-4103}, 
keywords={human-robot interaction;image sensors;mobile robots;object detection;object tracking;video signal processing;Asus Xtion;Kinect-based people and tracking;Kinect-based people detection;Kobuki platforms;Microsoft Kinect;RGB-D sensor;Turtlebot platforms;cluttered indoor environments;demonstration videos;human-robot interaction;real-time ROS-enabled implementation;sensors;small-footprint mobile ground robots;Legged locomotion;Robot sensing systems;Three-dimensional displays;Tracking;Videos}, 
doi={10.1109/IROS.2014.6943139}, 
ISSN={2153-0858}, 
month={Sept},}

@INPROCEEDINGS{7064565, 
author={D. Su and J. V. Miro}, 
booktitle={Control Automation Robotics Vision (ICARCV), 2014 13th International Conference on}, 
title={An ultrasonic/RF GP-based sensor model robotic solution for indoors/outdoors person tracking}, 
year={2014}, 
pages={1662-1667}, 
keywords={Bayes methods;Gaussian processes;covariance analysis;mobile robots;regression analysis;target tracking;ultrasonic devices;Garden Utility Transportation System;Gaussian process regression;RF GP-based sensor model robotic solution;covariance function;indoor person tracking;linear triangulation;nonlinear Bayesian regression;outdoor person tracking;ultrasonic GP-based sensor model robotic solution;Ground penetrating radar;Radar tracking;Radio frequency;Robot sensing systems;Sonar measurements}, 
doi={10.1109/ICARCV.2014.7064565}, 
month={Dec},}

@InProceedings{dondrup2015tracker,
  Title                    = {Real-Time Multisensor People Tracking for Human-Robot Spatial Interaction},
  Author                   = {Christian Dondrup and Nicola Bellotto and Ferdian Jovan and Marc Hanheide},
  Booktitle                = {International Conference on Robotics and Automation (ICRA) - Workshop on Machine Learning for Social Robotics},
  Year                     = {2015}
}

% ----------------------------------------------------------------------------




@inproceedings{dunkels2004contiki,
  title={Contiki-a lightweight and flexible operating system for tiny networked sensors},
  author={Dunkels, Adam and Gronvall, Bjorn and Voigt, Thiemo},
  booktitle={Local Computer Networks, 2004. 29th Annual IEEE International Conference on},
  pages={455--462},
  year={2004},
  organization={IEEE}
}

@ARTICLE{5342399,
author={G. Kortuem and F. Kawsar and V. Sundramoorthy and D. Fitton},
journal={IEEE Internet Computing},
title={Smart objects as building blocks for the Internet of things},
year={2010},
volume={14},
number={1},
pages={44-51},
keywords={Internet;Internet of Things;activity-aware smart objects;policy-aware smart objects;process-aware smart objects;Computer applications;Computer architecture;Intelligent sensors;Internet;Internet of Things;design methods;smart objects;ubiquitous computing},
doi={10.1109/MIC.2009.143},
ISSN={1089-7801},
month={Jan},}

@mastersthesis{Kra03,
  author =      "H. Kraut",
  title =       "{Signalverarbeitung mittels eines Neuronalen Netzwerkes f{\"u}r einen Smart Sensor}",
  type =        "Bachelor's Thesis",
  school =      "Technische Universit{\"a}t Wien, Institut f{\"u}r Technische Informatik",
  year =        "2003"
}

@INPROCEEDINGS{ES05,
  AUTHOR =       {W. Elmenreich and S. Pitzek},
  TITLE =        {Smart Transducers -- Principles, Communications, and Configuration},
  BOOKTITLE =    {Intelligent Systems at the Service of Mankind},
  YEAR =         {2005},
  editor =       {Elmenreich and Machado and Rudas},
  volume =       {II},
  pages =        {175-186},
  month =        dec,
  publisher =    {Ubooks}
}

@Manual{Pat88,
  TITLE         = "BibTeXing",
  author        = "O. Patashnik",
  year          = 1988,
}


@PhDThesis{Elm02,
  author    = "W. Elmenreich",
  title     = "Sensor Fusion in Time-Triggered Systems",
  address   = "Vienna, Austria",
  school    = "Technische Universit{\"a}t Wien, Institut f{\"u}r
          Technische Informatik",
  year      = "2002"
}


@MANUAL{OPHS05,
  TITLE =        {The Not So Short Introduction to {\LaTeX}\,2$\varepsilon$ or {\LaTeX}\,2$\varepsilon$ in 133 minutes},
  author =       {T. Oetiker and H. Partl and I. Hyna and E. Schlegl},
  year =         {2005},
  note =         {available at \url{http://www.ctan.org/tex-archive/info/lshort/english/lshort.pdf}}
}


@MISC{wikipedia:wcet,
  author = 	 {Wikipedia},
  title = 	 {Worst-Case Execution Time},
  howpublished = {Online encyclopedia:
                  \url{http://en.wikipedia.org/wiki/Worst_case_execution_time}},
  year = 	 {2005},
  note = 	 {Revision 7:18, October 18, 2005; accessed February 22, 2006}
}


@MISC{EEK06,
  author = 	 {Christian El Salloum and Wilfried Elmenreich and Raimund Kirner},
  title = 	 {Template and Guidelines for Writing a Scientific Paper},
  howpublished = {Unpublished (but heavily used)},
  year = 	 {2006},
}

