
@inproceedings{dunkels2004contiki,
  title={Contiki-a lightweight and flexible operating system for tiny networked sensors},
  author={Dunkels, Adam and Gronvall, Bjorn and Voigt, Thiemo},
  booktitle={Local Computer Networks, 2004. 29th Annual IEEE International Conference on},
  pages={455--462},
  year={2004},
  organization={IEEE}
}

@ARTICLE{5342399,
author={G. Kortuem and F. Kawsar and V. Sundramoorthy and D. Fitton},
journal={IEEE Internet Computing},
title={Smart objects as building blocks for the Internet of things},
year={2010},
volume={14},
number={1},
pages={44-51},
keywords={Internet;Internet of Things;activity-aware smart objects;policy-aware smart objects;process-aware smart objects;Computer applications;Computer architecture;Intelligent sensors;Internet;Internet of Things;design methods;smart objects;ubiquitous computing},
doi={10.1109/MIC.2009.143},
ISSN={1089-7801},
month={Jan},}
